<?xml version="1.0" encoding="UTF-8"?><collection xmlns="http://www.loc.gov/MARC21/slim"><record><leader>00497nam--2200193-u-4500</leader><controlfield tag="001">000056110</controlfield><controlfield tag="002">20161230</controlfield><controlfield tag="005">20161230201052</controlfield><controlfield tag="008">141210s1000------------r-----000-0-rus-d</controlfield><datafield ind1=" " ind2=" " tag="040"><subfield code="a">IFIN-HH</subfield></datafield><datafield ind1=" " ind2=" " tag="041"><subfield code="a">rus</subfield></datafield><datafield ind1=" " ind2=" " tag="080"><subfield code="a">523.9-7</subfield></datafield><datafield ind1="1" ind2=" " tag="100"><subfield code="a">Makarova, E.A</subfield></datafield><datafield ind1="1" ind2="0" tag="245"><subfield code="a">Potok solnecenogo izlucenia</subfield><subfield code="c">E.a. makarova, a.v. haritonov, t.v. kazacevskaia</subfield></datafield><datafield ind1=" " ind2=" " tag="260"><subfield code="a">Moskva</subfield><subfield code="b">Nauka</subfield><subfield code="c">1991</subfield></datafield><datafield ind1=" " ind2=" " tag="300"><subfield code="a">396P</subfield></datafield><datafield ind1="1" ind2=" " tag="700"><subfield code="a">Kazacevskaia, T.V</subfield></datafield><datafield ind1=" " ind2=" " tag="852"><subfield code="a">79932</subfield><subfield code="c">523</subfield></datafield><datafield ind1=" " ind2=" " tag="CAT"><subfield code="a">Sys</subfield><subfield code="c">20141210</subfield><subfield code="h">135904</subfield></datafield></record></collection>